@inproceedings{EisenbergWA16,
  author    = {Richard A. Eisenberg and
               Stephanie Weirich and
               Hamidhasan G. Ahmed},
  title     = {Visible Type Application},
  booktitle = {ESOP},
  year      = {2016}
}

@article{Eisenberg16,
  author    = {Richard A. Eisenberg},
  title     = {Dependent Types in Haskell: Theory and Practice},
  journal   = {CoRR},
  year      = {2016}
}

@inproceedings{LeinoM14,
  author    = {K. Rustan M. Leino and
               Michal Moskal},
  title     = {Co-induction Simply - Automatic Co-inductive Proofs in a Program Verifier},
  booktitle = {Formal Methods},
  year      = {2014}
}

@article{intersectiontypes,
 author = {Davies, Rowan and Pfenning, Frank},
 title = {Intersection Types and Computational Effects},
 series = {ICFP},
 year = {2000}
} 


@inproceedings{tip,
  author    = {Koen Claessen and
               Moa Johansson and
               Dan Ros{\'{e}}n and
               Nicholas Smallbone},
  title     = {{TIP:} Tons of Inductive Problems},
  booktitle = {CICM},
  year      = {2015}
}

@inproceedings{hipspec,
  author    = {Koen Claessen and
               Moa Johansson and
               Dan Ros{\'{e}}n and
               Nicholas Smallbone},
  title     = {HipSpec: Automating Inductive Proofs of Program Properties},
  booktitle = {ATx'12/WInG'12},
  year      = {2012}
}

@article{pfenning08,
 author = {Lovas, William and Pfenning, Frank},
 title = {A Bidirectional Refinement Type System for LF},
 journal = {Electron. Notes Theor. Comput. Sci.},
 year = {2008}
} 


@unpublished{ackermann,
  author = {George Tourlakis},
  title  = {{A}ckermannâ€™s {F}unction},
  note   = "\url {http://www.cs.yorku.ca/~gt/papers/Ackermann-function.pdf}",
  year   = {2008}
}

@inproceedings{monad-par,
 author = {Marlow, Simon and Newton, Ryan and Peyton Jones, Simon},
 title = {A Monad for Deterministic Parallelism},
 booktitle = {Haskell},
 year = {2011}
}


@inproceedings{barthe2001type,
  title={Type isomorphisms and proof reuse in dependent type theory},
  author={Barthe, Gilles and Pons, Olivier},
  booktitle={FoSSaCS},
  year={2001},
  organization={Springer}
}

@inproceedings{concurrent-revisions-oopsla,
 author = {Burckhardt, Sebastian and Baldassin, Alexandro and Leijen, Daan},
 title = {Concurrent Programming with Revisions and Isolation Types},
 booktitle = {OOPSLA},
 year = {2010}
}

@inproceedings{concurrent-skiplist,
  title={Lock-free linked lists and skip lists},
  author={Fomitchev, Mikhail and Ruppert, Eric},
  booktitle={PODC},
  year={2004}
}


@inproceedings{ghc-generics,
 author = {Magalh\~{a}es, Jos{\'e} Pedro and Dijkstra, Atze and Jeuring, Johan and L\"{o}h, Andres},
 title = {A Generic Deriving Mechanism for Haskell},
 booktitle = {Haskell},
 year = {2010}
}

@inproceedings{kuper2014freeze,
  title={Freeze after writing: quasi-deterministic parallel programming with LVars},
  author={Kuper, Lindsey and Turon, Aaron and Krishnaswami, Neelakantan R and Newton, Ryan R},
  booktitle={POPL},
  year={2014}
}


@inproceedings{GouesLM11,
  author    = {Claire {Le Goues} and
               K. Rustan M. Leino and
               Michal Moskal},
  title     = {The Boogie Verification Debugger (Tool Paper)},
  booktitle = {Software Engineering and Formal Methods},
  year      = {2011}
}

@inproceedings{LeinoPolikarpova16,
    author = {K. Rustan M. Leino and Nadia Polikarpova},
    title = {Verified Calculations},
    booktitle = {VSTTE},
    year = {2016}
}

@inproceedings{EisenbergS14,
  author    = {Richard A. Eisenberg and
               Jan Stolarek},
  title     = {Promoting functions to type families in {H}askell},
  booktitle = {Haskell},
  year      = {2014}
}

@inproceedings{sousa16,
  author    = {M. Sousa and
               I. Dillig},
  title     = {Cartesian hoare logic for verifying k-safety properties},
  booktitle = {PLDI},
  year      = {2016}
}

@inproceedings{KobayashiRelational15,
  author    = {Kazuyuki Asada and
               Ryosuke Sato and
               Naoki Kobayashi},
  title     = {Verifying Relational Properties of Functional Programs by First-Order
               Refinement},
  booktitle = {PEPM},
  year      = {2015}
}

@article{agdaequational,
 author = {Mu, Shin-cheng and Ko, Hsiang-shang and Jansson, Patrik},
 title = {{A}lgebra of {P}rogramming in {A}gda: {D}ependent {T}ypes for {R}elational {P}rogram {D}erivation},
 journal = {J. Funct. Program.},
 year = {2009},
}

@inproceedings{DPJ,
 author = {Bocchino,Jr., Robert L. and Adve, Vikram S. and Adve, Sarita V. and Snir, Marc},
 title = {Parallel Programming Must Be Deterministic by Default},
 booktitle = {HotPar},
 year = {2009}
}

@inproceedings{accelerate-icfp13,
 author = {McDonell, Trevor L. and Chakravarty, Manuel M.T. and Keller, Gabriele and Lippmeier, Ben},
 title = {Optimising Purely Functional {GPU} Programs},
 booktitle = {ICFP}, 
  year = {2013}
}


@inproceedings{Farmer15,
  author = {Andrew Farmer and Neil Sculthorpe and Andy Gill},
  title = {Reasoning with the {HERMIT}: {T}ool Support for Equational Reasoning on {GHC} {C}ore Programs},
  booktitle = {Haskell},
  year = {2015}
}

@inproceedings{Tesler-1968,
 author = {Tesler, L. G. and Enea, H. J.},
 title = {A language design for concurrent processes},
 booktitle = {AFIPS},
 year = {1968}
}

@article{IStructures,
 author = {Arvind and Nikhil, Rishiyur S. and Pingali, Keshav K.},
 title = {I-structures: {D}ata structures for parallel computing},
 journal = {ACM Trans. Program. Lang. Syst.},
 year = {1989}
}

@INPROCEEDINGS{kahn-1974,
  AUTHOR = {G. Kahn},
  TITLE = {The semantics of a simple language for parallel
programming},
  BOOKTITLE = {Information {P}rocessing},
  YEAR = {1974}
}

@article{lee-sdf,
 author = {Lee, Edward Ashford and Messerschmitt, David G.},
 title = {Static Scheduling of Synchronous Data Flow Programs for Digital Signal Processing},
 journal = {IEEE Trans. Comput.},
 year = {1987}
}

@ARTICLE{synchronous-overview,
 author={A. Benveniste and P. Caspi and S. A. Edwards and N. Halbwachs and P. Le Guernic and R. de Simone},
 journal={Proceedings of the IEEE},
 title={The synchronous languages 12 years later},
 year={2003}
}

@inproceedings{permission-types,
 author = {Naden, Karl and Bocchino, Robert and Aldrich, Jonathan and Bierhoff, Kevin},
 title = {A Type System for Borrowing Permissions},
 booktitle = {Proceedings of the 39th Annual ACM SIGPLAN-SIGACT Symposium on Principles of Programming Languages},
 series = {POPL},
 year = {2012}
}

@inproceedings{habanero-java-permissions,
 author="Westbrook, Edwin
 and Zhao, Jisheng
 and Budimli{\'{c}}, Zoran
 and Sarkar, Vivek",
 title="Practical Permissions for Race-Free Parallelism",
 bookTitle="ECOOP",
 year="2012"
}

@inproceedings{manticore,
 author = {Fluet, Matthew and Rainey, Mike and Reppy, John and Shaw, Adam and Xiao, Yingqi},
 title = {Manticore: a heterogeneous parallel language},
 booktitle = {DAMP},
 year = {2007}
}

@inproceedings{multicore-ghc,
 author = {Marlow, Simon and Peyton Jones, Simon and Singh, Satnam},
 title = {Runtime support for multicore Haskell},
 booktitle = {Proceedings of the 14th ACM SIGPLAN international conference on Functional programming},
 series = {ICFP},
 year = {2009}
}

@article{cilk,
 author = {Blumofe, Robert D. and Joerg, Christopher F. and Kuszmaul, Bradley C. and Leiserson, Charles E. and Randall, Keith H. and Zhou, Yuli},
 title = {Cilk: an efficient multithreaded runtime system},
 journal = {SIGPLAN Notices},
 year = {1995}
}

@article{cnc,
  author = 	 {Budimlic, Zoran and Burke, Michael and Cave, Vincent and Knobe, Kathleen and Lowney, Geoff and Newton, Ryan and Palsberg, Jens and Peixotto, David and Sarkar, Vivek and Schlimbach, Frank and Tasirlar, Sagnak},
  title = 	 {The {CnC} Programming Model},
  journal = 	 {Journal of Scientific Programming},
  year = 	 {2010}
}



@inproceedings{Leino16,
    author = {K. Rustan M. Leino and Cl\'{e}ment Pit{-}Claudel},
    title = {Trigger selection strategies to stabilize program verifiers},
    booktitle = {CAV},
    year = {2016}
}

@inproceedings{Filliatre98,
  author    = {J.C. Filli{\^{a}}tre},
  title     = {Proof of Imperative Programs in Type Theory},
  booktitle = {TYPES},
  year      = {1998}
}


@inproceedings{catalyst,
 author = {G. Kaki and S. Jagannathan},
 title = {A Relational Framework for Higher-order Shape Analysis},
 booktitle = {ICFP},
 year = {2014}
}

@InProceedings{dijkstramonad,
  author={N. Swamy and J. Weinberger and C. Schlesinger and J. Chen and B. Livshits},
  title={Verifying Higher-order Programs with the Dijkstra Monad},
  YEAR = 2013,
  BOOKTITLE = {PLDI}
}

@inproceedings{haskellDB,
 author = {D. Leijen and E. Meijer},
 title = {Domain Specific Embedded Compilers},
 booktitle = {DSL},
 year = {1999}
}

@INPROCEEDINGS{heterogeneous,
    author = {O. Kiselyov and R. L\"{a}mmel and K. Schupke},
    title = {Strongly typed heterogeneous collections},
    booktitle = {Haskell},
    year = {2004}
}

@inproceedings{thepipower,
 author = {N. Oury and W. Swierstra},
 title = {The Power of {Pi}},
 booktitle = {ICFP},
 year = {2008}
}

@inproceedings{ynot,
 author = {A. Nanevski and G. Morrisett and A. Shinnar and P. Govereau and L. Birkedal},
 title = {{Ynot}: Dependent Types for Imperative Programs},
 booktitle = {ICFP},
 year = {2008}
}

@TechReport{NelsonOppen,
  author	= "G. Nelson",
  title		= "Techniques for program verification",
  institution	= "Xerox Palo Alto Research Center",
  number	= "CSL81-10",
  year		= 1981
}

@InProceedings{	  CousotCousot77,
  author	= "P. Cousot and R. Cousot",
  title		= "Abstract interpretation: a unified lattice model for the
		  static analysis of programs",
  booktitle	= "POPL",
  year		= "1977"
}



@Misc{liquidhaskellgithub,
  author = {The Liquid Haskell Team},
  note		= "\url{github.com/ucsd-progsys/liquidhaskell/tree/master/benchmarks/icfp15}"
}

@inproceedings{shill,
  author    = {S. Moore and
               C. Dimoulas and
               D. King and
               S. Chong},
  title     = {{SHILL:} {A} Secure Shell Scripting Language},
  booktitle = {OSDI},
  year      = {2014},
}

@inproceedings{realworldliquid,
  author    = {N. Vazou and
               E. L. Seidel and
               R. Jhala},
  title     = {LiquidHaskell: {E}xperience with refinement types in the real world},
  booktitle = {Haskell},
  year      = {2014}
}

@inproceedings{typedracket,
  author    = {S. Tobin-Hochstadt and M. Felleisen},
  title     = {Logical types for untyped languages},
  booktitle = {ICFP},
  year      = {2010},
}



@Book{		  Constable86,
  author	= "R.L. Constable",
  title		= "Implementing Mathematics with the Nuprl Proof Development
		  System",
  publisher	= "Prentice-Hall",
  year		= "1986"
}

@inproceedings{CousotsPOPL11,
  author    = {P. Cousot and
               R. Cousot and
               F. Logozzo},
  title     = {A parametric segmentation functor for fully automatic and
               scalable array content analysis},
  booktitle = {POPL},
  year      = {2011}
  }

@phdthesis{Dunfield,
 author = {J. Dunfield},
 title = {A Unified System of Type Refinements},
 year = {2007},
 school = {Carnegie Mellon University}
 }


@InProceedings{	  Findler02,
  author	= {R. B. Findler and M. Felleisen},
  title		= {Contracts for higher-order functions},
  booktitle	= {ICFP},
  year		= {2002}
}

@inproceedings{FournetCCS11,
  author    = {C. Fournet and
               M. Kohlweiss and
               P-Y. Strub},
  title     = {Modular code-based cryptographic verification},
  booktitle = {CCS},
  year      = {2011}
}

@InProceedings{	  FreemanPfenning91,
  author	= {T. Freeman and F. Pfenning},
  title		= {Refinement Types for {ML}},
  booktitle	= {PLDI},
  year		= {1991}
}

@InProceedings{	  Gopan05,
  author	= {D. Gopan and T. W. Reps and S. Sagiv},
  title		= {A framework for numeric analysis of array operationsd},
  booktitle	= {POPL},
  year		= {2005}
}

@InCollection{	  GrafSaidi97,
  author	= "S. Graf and H. Sa{\"\i}di",
  title		= "Construction of abstract state graphs with {PVS}",
  booktitle	= "CAV",
  year		= "1997"
}


@inproceedings{JhalaMcMillanCAV07,
  author    = {R. Jhala and K. L. McMillan},
  title     = {Array Abstractions from Proofs},
  booktitle = {CAV},
  year      = {2007}
}

@book{ MeyerBook,
 author = {B. Meyer},
 title = {Eiffel: the language},
 year = {1992},
 publisher = {Prentice-Hall, Inc.},
 address = {Upper Saddle River, NJ, USA},
 }

@inproceedings{ Ou2004,
  author    = {X. Ou and
               G. Tan and
               Y. Mandelbaum and
               D. Walker},
  title     = {Dynamic Typing with Dependent Types},
  booktitle = {IFIP TCS},
  year      = {2004}
}

@inproceedings{SwamyCFSBY11,
  author    = {N. Swamy and
               J. Chen and
               C. Fournet and
               P-Y. Strub and
               K. Bhargavan and
               J. Yang},
  title     = {Secure distributed programming with value-dependent types},
  booktitle = {ICFP},
  year      = {2011}
}


@inproceedings{ SwamyOAKLAND11,
  author    = {A. Guha and
               M. Fredrikson and
               B. Livshits and
               N. Swamy},
  title     = {Verified Security for Browser Extensions},
  booktitle = {IEEE Symposium on Security and Privacy},
  year      = {2011},
}


@inproceedings{VytiniotisJM12,
  author    = {D. Vytiniotis and
               S. L. Peyton Jones and
               J. Magalh{\~a}es},
  title     = {Equality proofs and deferred type errors: a compiler pearl},
  booktitle = {ICFP},
  year      = {2012}
}

@Book{		  piercebook,
  author	= "B. C. Pierce",
  title		= "Types and Programming Languages",
  publisher	= "MIT Press",
  year		= "2002"
}


@Article{	  Houdini,
  author	= "C. Flanagan and R. Joshi and K. R. M. Leino",
  title		= "Annotation inference for modular checkers",
  journal	= "Information Processing Letters",
  year		= "2001"
}


@inproceedings{BartheTermination,
  author    = {G. Barthe and
               M. J. Frade and
               E. Gim{\'e}nez and
               L. Pinto and
               T. Uustalu},
  title     = {Type-based termination of recursive definitions},
  booktitle   = {MSCS},
  year      = {2004}
  }

@inproceedings{ChakravartyKJ05,
  author    = {M. T. Chakravarty and
               G. Keller and
               S. L. Peyton-Jones},
  title     = {Associated type synonyms},
  booktitle = {ICFP},
  year      = {2005}
}

@inproceedings{JonesVWW06,
  author    = {S. L. Peyton-Jones and
               D. Vytiniotis and
               S. Weirich and
               G. Washburn},
  title     = {Simple unification-based type inference for {GADTs}},
  booktitle = {ICFP},
  year      = {2006}
}


@inproceedings{LindleyM13,
  author    = {S. Lindley and
               C. McBride},
  title     = {Hasochism: the pleasure and pain of dependently typed {H}askell
               programming},
  booktitle = {Haskell},
  year      = {2013}
}


@inproceedings{TerauchiPOPL13,
  author    = {H. Unno and
               T. Terauchi and
               N. Kobayashi},
  title     = {Relatively complete verification of higher-order
               functional programs},
  booktitle = {POPL},
  year      = {2013}
}


@INPROCEEDINGS{Jia10,
    author = {L. Jia and J. Zhao and V. Sj\"oberg and S. Weirich},
    title = {Dependent types and program equivalence},
    booktitle = {POPL},
    year = {2010}
}



@article{LohMS10,
  author    = {A. L{\"o}h and
               C. McBride and
               W. Swierstra},
  title     = {A Tutorial Implementation of a Dependently Typed Lambda
               Calculus},
  journal   = {Fundam. Inform.},
  year      = {2010},
}

@article{McBride02,
  author    = {C. McBride},
  title     = {Faking it: Simulating dependent types in {H}askell},
  journal   = {J. Funct. Program.},
  year      = {2002},
}

@inproceedings{SchrijversJSV09,
  author    = {T. Schrijvers and
               S. L. Peyton-Jones and
               M. Sulzmann and
               D. Vytiniotis},
  title     = {Complete and decidable type inference for {GADTs}},
  booktitle = {ICFP},
  year      = {2009}
}

@inproceedings{Sereni05,
 author = {D. Sereni and N.D. Jones},
 title = {Termination analysis of higher-order functional programs},
 booktitle = {APLAS},
 year = {2005},
}

@inproceedings{ Sheard06,
	author = {T. Sheard},
	booktitle = {PLPV},
	title = {Type-level Computation Using Narrowing in Omega.},
	url = {http://web.cecs.pdx.edu/~sheard/papers/sheardPLPV.ps},
	year = {2006}
}

@inproceedings{Weirich12,
  author    = {R. A. Eisenberg and
               S. Weirich},
  title     = {Dependently typed programming with singletons},
  booktitle = {Haskell},
  year      = {2012}
}

@inproceedings{XuPOPL09,
  author    = {D. N. Xu and
               S. L. Peyton-Jones and
               K. Claessen},
  title     = {Static contract checking for Haskell},
  booktitle = {POPL},
  year      = {2009}
}

@inproceedings{ZENO,
  author    = {W. Sonnex and
               S. Drossopoulou and
               S. Eisenbach},
  title     = {Zeno: An Automated Prover for Properties of Recursive Data
               Structures},
  booktitle = {TACAS},
  year      = {2012}
}

@inproceedings{JonesB04,
  author    = {N. D. Jones and
               N. Bohr},
  title     = {Termination Analysis of the Untyped lamba-Calculus},
  booktitle = {RTA},
  year      = {2004}
}

@inproceedings{AURA,
  author    = {L. Jia and
               J. A. Vaughan and
               K. Mazurak and
               J. Zhao and
               L. Zarko and
               J. Schorr and
               S. Zdancewic},
  title     = {AURA: a programming language for authorization and audit},
  booktitle = {ICFP},
  year      = {2008}
}

@article{Capretta05,
  author    = {V. Capretta},
  title     = {General recursion via coinductive types},
  journal   = {Logical Methods in Computer Science},
  year      = {2005}
}



@inproceedings{halo, 
  author    = {D. Vytiniotis and
               S.L. Peyton-Jones and
               K. Claessen and
               D. Ros{\'e}n},
  title     = {HALO: haskell to logic through denotational semantics},
  booktitle = {POPL},
  year      = {2013}
}



@Book{bradleybook,
  author	= {A. Bradley and Z. Manna},
  title		= {The Calculus of Computation: Decision Procedures With Application To Verification},
  publisher = {Springer-Verlag},
  year	    = {2007}
}

@inproceedings{CVC4,
  author = {C. Barrett and C. Conway and M. Deters and L. Hadarean and D. Jovanovi\'{c} 
              and T. King and A. Reynolds and C. Tinelli},
  title     = "{CVC4}",
  booktitle = "CAV",
  year      = 2011,
}

@article{MathSat,
 author = {M. Bozzano and 
           R. Bruttomesso and 
           A. Cimatti and 
           T. Junttila and 
           P. Rossum and 
           S. Schulz and 
           R. Sebastiani},
 title = {{MathSAT}: Tight Integration of {SAT} and Mathematical Decision Procedures},
 journal = {J. Autom. Reason.},
 year = {2005},
} 

@inproceedings{catch
    ,title          = {Not All Patterns, But Enough - an automatic verifier for partial but sufficient pattern matching}
    ,author         = {N. Mitchell and C. Runciman}
    ,year           = {2008}
    ,booktitle      = {Haskell}
}

@inproceedings{streamfusion,
  author    = {D. Coutts and
               R. Leshchinskiy and
               D. Stewart},
  title     = {Stream fusion: from lists to streams to nothing at all},
  booktitle = {ICFP},
  year      = {2007}
}

@article{Kahrs01,
  author    = {S. Kahrs},
  title     = {Red-black trees with types},
  journal   = {J. Funct. Program.},
  year      = {2001},
}

@inproceedings{Swierstra2012,
 author = {W. Swierstra},
 title = {Xmonad in {Coq} (experience report): Programming a Window Manager In A
   Proof Assistant},
 booktitle = {Haskell},
 year = {2012},
} 

@article{zipper,
  author    = {G. P. Huet},
  title     = {The {Z}ipper},
  journal   = {J. Funct. Program.},
  year      = {1997},
}


@InProceedings{	  ESCJava,
  title		= "Extended static checking for {Java}",
  author	= {C. Flanagan and K.R.M. Leino and M. Lillibridge and G.
		  Nelson and J. B. Saxe and R. Stata},
  booktitle	= {PLDI},
  year		= {2002}
}

@InProceedings{	  LiquidPLDI09,
  author	= {M. Kawaguchi and P. Rondon and R. Jhala},
  title		= {Type-based Data Structure Verification},
  booktitle	= {PLDI},
  year		= {2009}
}


@article{Knowles10,
  author    = {K.W. Knowles and
               C. Flanagan},
  title     = {Hybrid type checking},
  journal   = {ACM TOPLAS},
  year      = {2010},
  ee        = {http://doi.acm.org/10.1145/1667048.1667051},
  bibsource = {DBLP, http://dblp.uni-trier.de}
}

@InProceedings{	  ORS92,
  author	= "S. Owre and J.M. Rushby and N. Shankar",
  title		= "{PVS}: {A} Prototype Verification System",
  booktitle	= "CADE",
  year		= "1992"
}

@article{Zenger97,
  author    = {C. Zenger},
  title     = {Indexed Types},
  journal   = {TCS},
  year      = {1997},
  ee        = {http://dx.doi.org/10.1016/S0304-3975(97)00062-5},
  bibsource = {DBLP, http://dblp.uni-trier.de}
}


@InProceedings{	  flanagan06,
  author	= {C. Flanagan},
  title		= {Hybrid Type Checking},
  booktitle	= {POPL},
  year		= {2006},
}


@article{z3,
  author    = {L. de Moura and N. Bj{\o}rner},
  title     = {Z3: An Efficient {SMT} Solver},
  journal = {TACAS},
  year      = {2008},
  ee        = {http://dx.doi.org/10.1007/978-3-540-78800-3_24}
}

@PhDThesis{	  agda,
  author	= {U. Norell},
  title		= {Towards a practical programming language based on
		  dependent type theory},
  school	= {Chalmers},
  year		= 2007
}

@Book{		  birdalgebra,
  author	= {Richard Bird and Oege De Moor},
  title		= {Algebra of {P}rogramming},
  year		= {1996},
  publisher	= {Prentice Hall}
}



@Book{		  blelloch,
  title		= {Synthesis of {P}arallel {A}lgorithms},
  author	= {Guy E. Blelloch},
  publisher	= {Morgan Kaufmann Pub},
  year		= {1993}
}


@InProceedings{	  bspwhy,
  author	= {J Fortin and F. Gava},
  title		= {{BSP-Why: A tool for deductive verification of BSP
		  algorithms with subgroup synchronisation}},
  booktitle	= {Int J Parallel Prog},
  year		= {2015}
}

@InProceedings{	  cole93parallelprogramming,
  author	= {Murray Cole},
  title		= {Parallel Programming, List Homomorphisms and the Maximum
		  Segment Sum Problem},
  booktitle	= {Parco},
  year		= {1993}
}

@InProceedings{	  constables87,
  author	= {R. L. Constable and S. F. Smith},
  title		= {Partial Objects In Constructive Type Theory},
  booktitle	= {LICS},
  year		= {1987}
}


@InProceedings{Hoare71,
  author    = {C. A. R. Hoare},
  title     = {Procedures and parameters: An axiomatic approach},
  booktitle = {Symposium on Semantics of Algorithmic Languages},
  year      = {1971},
}

@inproceedings{Brady13,
  author    = {E. Brady},
  title     = {Idris: general purpose programming with dependent types},
  booktitle = {PLPV},
  year      = {2013}
}

@InProceedings{Dunfield07,
  author =     {J. Dunfield},
  title =      {Refined typechecking with {Stardust}},
  booktitle =  {PLPV},
  year =       2007
}

@article{Giesl11,
  author    = {J. Giesl and
               M. Raffelsieper and
               P. Schneider-Kamp and
               S. Swiderski and
               R. Thiemann},
  title     = {Automated termination proofs for {Haskell} by term rewriting},
  journal   = {TPLS},
  year      = {2011}
}

@inproceedings{Greenberg11,
  author    = {J. F. Belo and
               M. Greenberg and
               A. Igarashi and
               B. C. Pierce},
  title     = {Polymorphic Contracts},
  booktitle = {ESOP},
  year      = {2011},
  ee        = {http://dx.doi.org/10.1007/978-3-642-19718-5_2},
  bibsource = {DBLP, http://dblp.uni-trier.de}
}

@InProceedings{	  HughesParetoSabry96,
  author	= "J. Hughes and L. Pareto and A. Sabry",
  title		= "Proving the Correctness of Reactive Systems using Sized
		  Types",
  booktitle	= "POPL",
  year		= 1996
}

@TechReport{	  Nelson81,
  author	= "G. Nelson",
  title		= "Techniques for program verification",
  institution	= "Xerox Palo Alto Research Center",
  number	= "CSL81-10",
  year		= 1981
}

@Book{PLC,
	author = {S. R. Della Rocca and L. Paolini},
	title = {The Parametric Lambda Calculus, A Metamodel for Computation},
	publisher = {Springer Science and Business Media},
	year = {2004}
}

@inproceedings{SulzmannCJD07,
  author    = {M. Sulzmann and
               M. M. T. Chakravarty and
               S. L. Peyton-Jones and
               K. Donnelly},
  title     = {System {F} with type equality coercions},
  booktitle = {TLDI},
  year      = {2007},
}

@InProceedings{	  Turing36,
  author	= {A. M. Turing},
  title		= {On computable numbers, with an application to the
		  Eintscheidungsproblem},
  booktitle	= {LMS},
  year		= {1936}
}

@inproceedings{XiTerminationLICS01,
  author    = {H. Xi},
  title     = {Dependent Types for Program Termination Verification},
  booktitle = {LICS},
  year      = {2001}
}

@Misc{collatzWiki,
  title		= "{Collatz Conjecture}",
  note		= "\url{http://en.wikipedia.org/wiki/Collatz\_conjecture}"
}

@Article{	  simplifyj,
  author	= {D. Detlefs and G. Nelson and J. B. Saxe},
  title		= {Simplify: {A} theorem prover for program checking.},
  journal	= {J. ACM},
  year		= {2005},
}

@inproceedings{vazou13,
  author    = {N. Vazou and
               P. Rondon and
               R. Jhala},
  title     = {Abstract Refinement Types},
  booktitle = {ESOP},
  year      = {2013},
}



@inproceedings{Nipkow02,
  author    = {T. Nipkow},
  title     = {Hoare Logics for Recursive Procedures and Unbounded Nondeterminism},
  booktitle = {CSL},
  year      = {2002},
}

@inproceedings{cayenne,
  author    = {L. Augustsson},
  title     = {Cayenne - {A} Language with Dependent Types.},
  booktitle = {ICFP},
  year      = {1998},
  ee        = {http://doi.acm.org/10.1145/289423.289451},
  bibsource = {DBLP, http://dblp.uni-trier.de}
}

@phdthesis{norell07,
  author  = {U. Norell},
  title	  = {Towards a practical programming language based on dependent type theory},
  school  = {Chalmers},
  year	  = 2007
}

@Book{coq-book,
  author       = {Y. Bertot and P. Cast\'eran},
  title        = {Coq'Art: The Calculus of Inductive Constructions"},
  year         = {2004"},
  publisher    = {Springer Verlag"}
}




@InProceedings{dafny,
  author	    = {Leino, K. Rustan M.},
  title		= {Dafny: An Automatic Program Verifier for Functional
		  Correctness},
  booktitle	= {LPAR},
  year		= {2010}
}

@InProceedings{	  daum07,
  author	= {M Daum},
  title		= {{Reasoning on Data-Parallel Programs in Isabelle/Hol}},
  booktitle	= {C/C++ Verification Workshop},
  year		= {2007}
}

@InProceedings{	  deputy,
  author	= {Jeremy Condit and Matthew Harren and Zachary R. Anderson
		  and David Gay and George C. Necula},
  title		= {Dependent Types for Low-Level Programming},
  booktitle	= {ESOP},
  year		= {2007}
}


@InProceedings{	  fstar,
  author	= {Nikhil Swamy and Hri\c{t}cu, C\u{a}t\u{a}lin and Chantal
		  Keller and Aseem Rastogi and Antoine Delignat-Lavaud and
		  Simon Forest and Karthikeyan Bhargavan and C\'{e}dric
		  Fournet and Pierre-Yves Strub and Markulf Kohlweiss and
		  Jean-Karim Zinzindohoue and Santiago Zanella-B\'eguelin},
  title		= {Dependent Types and Multi-Monadic Effects in {F*}},
  booktitle	= {POPL},
  year		= {2016}
}

@InProceedings{	  fstarold,
  author	= {N. Swamy and J. Chen and C. Fournet and P-Y. Strub and K.
		  Bhargavan and J. Yang},
  title		= {Secure distributed programming with value-dependent
		  types},
  booktitle	= {ICFP},
  year		= {2011}
}

@InProceedings{ GordonTOPLAS2011,
  author	= {J. Bengtson and K. Bhargavan and C. Fournet and A.D.
		  Gordon and S. Maffeis},
  title		= {Refinement Types for Secure Implementations},
  booktitle	= {CSF},
  year		= {2008}
}

@InProceedings{	  hal16,
  author	= {Fr\acute{e}d\acute{e}ric Loulergue and Wadoud Bousdira and
		  Julien Tesson},
  title		= {{C}alculating {P}arallel {P}rograms in {C}oq using {L}ist
		  {H}omomorphisms},
  note		= {\url{https://hal.inria.fr/hal-01159182/document}},
  booktitle	= {International Journal of Parallel Programming},
  year		= {2016}
}

@Article{	  harper93,
  author	= {Harper, Robert and Honsell, Furio and Plotkin, Gordon},
  title		= {A Framework for Defining Logics},
  journal	= {J. ACM},
  year		= {1993}
}

@misc{	  implementation,
  author	= {Niki Vazou and Jeff Polakow},
  title		= {Code for Verified String Indexing},
  note		= {\url{https://github.com/nikivazou/verified_string_matching}},
  year		= {2016}
}

@Article{	  isabelle,
  author	= {L. C. Paulson},
  title		= {Isabelle â€“ {A} {G}eneric {T}heorem Prover},
  journal	= {Lecture Notes in Computer Science},
  year		= {1994}
}

@Book{		  jaja,
  author	= {Joseph J\'aJ\'a},
  title		= {Introduction to {P}arallel {A}lgorithms},
  publisher = {Addison-Wesley Publishing Company},
  year		= {1992},
  institution	= {University of Maryland}
}

@Article{	  ladner:1980:ppc:322217.322232,
  author	= {Ladner, Richard E. and Fischer, Michael J.},
  title		= {Parallel Prefix Computation},
  journal	= {J. ACM},
  issue_date	= {Oct. 1980},
  volume	= {27},
  number	= {4},
  month		= oct,
  year		= {1980},
  issn		= {0004-5411},
  pages		= {831--838},
  numpages	= {8},
  url		= {http://doi.acm.org/10.1145/322217.322232},
  doi		= {10.1145/322217.322232},
  acmid		= {322232},
  publisher	= {ACM},
  address	= {New York, NY, USA}
}

@InProceedings{	  leroy06formalcertification,
  author	= {Xavier Leroy},
  title		= {Formal certification of a compiler back-end, or:
		  programming a compiler with a proof assistant},
  booktitle	= {POPL â€™06},
  year		= {2006},
  publisher	= {}
}

@InProceedings{	  liquidpldi08,
  author	= {P. Rondon and M. Kawaguchi and R. Jhala},
  title		= {Liquid Types},
  booktitle	= {PLDI},
  year		= 2008
}

@InProceedings{	  liquidpopl10,
  author	= {P. Rondon and M. Kawaguchi and R. Jhala},
  title		= {Low-Level Liquid Types},
  booktitle	= {POPL},
  year		= {2010}
}

@InProceedings{	  pfenningxi98,
  author	= {H. Xi and F. Pfenning},
  title		= {Eliminating Array Bound Checking Through Dependent
		  Types.},
  booktitle	= {PLDI},
  year		= {1998}
}

@InProceedings{	  polikarpova16,
  author	= {Nadia Polikarpova and Ivan Kuraj and Armando
		  Solar{-}Lezama},
  title		= {Program synthesis from polymorphic refinement types},
  booktitle	= {PLDI},
  year		= {2016}
}

@InProceedings{	  realworldliquid14,
  author	= {N. Vazou and E. L. Seidel and R. Jhala},
  title		= {LiquidHaskell: Experience With Refinement Types in the
		  Real World},
  booktitle	= {Haskell Symposium},
  year		= {2014}
}

@InProceedings{	  refinedracket,
  author	= {Andrew M. Kent and David Kempe and Sam Tobin{-}Hochstadt},
  title		= {Occurrence typing modulo theories},
  booktitle	= {PLDI},
  year		= {2016}
}

@inproceedings{Vekris16,
  author    = {Panagiotis Vekris and
               Benjamin Cosman and
               Ranjit Jhala},
  title     = {Refinement types for TypeScript},
  booktitle = {PLDI},
  year      = {2016}
}


@InProceedings{	  refinedscala,
  author	= {Georg Stefan Schmid and Viktor Kuncak},
  title		= {{SMT-based Checking of Predicate-Qualified Types for
		  Scala}},
  booktitle	= {Scala},
  year		= {2016}
}

@misc{	  reflection,
  author	= {Niki Vazou and Ranjit Jhala},
  title		= {Refinement {Reflection}},
  series	= {arXiv:1610.04641},
  year		= {2016}
}

@Article{	  rushby98,
  author	= {J. Rushby and S. Owre and N. Shankar},
  title		= {Subtypes for Specifications: Predicate Subtyping in PVS},
  journal	= {IEEE TSE},
  year		= {1998}
}

@PhDThesis{	  schirmer06,
  author	= {N Schirmer},
  title		= {Verification of Sequential Imperative Programs in
		  Isabelle/HOL},
  school	= {TU Munich},
  year		= {2006}
}

@Article{	  sjoberg2015,
  author	= {Sj\"{o}berg, Vilhelm and Weirich, Stephanie},
  title		= {Programming Up to Congruence},
  journal	= {POPL},
  year		= {2015}
}

@Misc{smtlib2,
  author	= {C. Barrett and A. Stump and C. Tinelli},
  title		= {The {SMT-LIB} {S}tandard: {V}ersion 2.0},
  year		= {2010}
}

@InProceedings{	  sydpacc,
  author	= {Fr\'ed\'eric Loulergue and Wadoud Bousdira and Julien
		  Tesson},
  title		= {Calculating {P}arallel {P}rograms in {C}oq using {L}ist
		  {H}omomorphisms},
  booktitle	= {International Journal of Parallel Programming},
  year		= {2016}
}

@inproceedings{Amin2014ComputingWA,
  title={Computing with an {SMT} {S}olver},
  author={Nada Amin and K. Rustan M. Leino and Tiark Rompf},
  booktitle={TAP},
  year={2014}
}

@book{ HuttonBook,
 author = {Graham Hutton},
 title = {Programming in Haskell},
 year = {2007},
 isbn = {9780521692694},
 publisher = {Cambridge University Press}
}

@INPROCEEDINGS{Reynolds72,
    author = {John C. Reynolds},
    title = {Definitional interpreters for higher-order programming languages},
    booktitle = {25th ACM National Conference},
    year = {1972}
}

@unpublished{ghc-map-fusion,
  author = {GHC Wiki},
  title  = {{GHC} Optimisations},
  note   = "\url{https://wiki.haskell.org/GHC_optimisations}"
}

@unpublished{superaccumulation,
  TITLE = {{Full-Speed Deterministic Bit-Accurate Parallel Floating-Point Summation on Multi- and Many-Core Architectures}},
  AUTHOR = {Collange, Sylvain and Defour, David and Graillat, Stef and Iakymchuk, Roman},
  note = "\url{https://hal.archives-ouvertes.fr/hal-00949355}",
  YEAR = {2014}
}

@inproceedings{repa-icfp10,
 author = {Keller, Gabriele and Chakravarty, Manuel M.T. and Leshchinskiy, Roman and Peyton Jones, Simon and Lippmeier, Ben},
 title = {Regular, Shape-polymorphic, Parallel Arrays in Haskell},
 booktitle = {ICFP},
 year = {2010}
}



@InProceedings{Vazou14,
  author	= {N. Vazou and E. L. Seidel and R. Jhala and D. Vytiniotis
		  and S. Peyton-Jones},
  title		= {{R}efinement {T}ypes for {H}askell},
  booktitle	= {ICFP},
  year		= {2014}
}

@misc{	  vazou14techrep,
  author	= {N. Vazou and E. L. Seidel and R. Jhala and D. Vytiniotis
		  and S. Peyton-Jones},
  title		= {Technical Report: {R}efinement {T}ypes for {H}askell},
  note	= "\url{https://github.com/nikivazou/thesis/blob/master/techreps/icfp14.pdf}",
  year		= {2014}
}

@misc{	  vazou16techrep,
  author	= {N. Vazou and V. Choudhury and R. G. Scott and R. Jhala and R. R. Newton},
  title		= {Technical Report: {R}efinement {R}eflection: PArallel Legacy Languages as Theorem Provers},
  note	= "\url{https://github.com/nikivazou/thesis/blob/master/techreps/pldi16.pdf}",
  year		= {2016}
}


@misc{	  vazou15techrep,
  author	= {N. Vazou and A. Bakst and R. Jhala},
  title		= {Technical Report: {B}ounded {R}efinement {T}ypes},
  note	= "\url{https://github.com/nikivazou/thesis/blob/master/techreps/icfp15.pdf}",
  year		= {2015}
}




@InProceedings{	  why3,
  title		= {{Why3 -- Where Programs Meet Provers}},
  author	= {Filli{\^a}tre, Jean-Christophe and Paskevich, Andrei},
  booktitle	= {ESOP},
  year		= {2013}
}

@InProceedings{	  wouter10,
  author	= { Wouter Swierstra},
  title		= {More dependent types for distributed arrays},
  booktitle	= {Higher-Order and Symbolic Computation},
  year		= {2010}
}

@InProceedings{	  zombie,
  author	= {C. Casinghino and V. Sj{\"o}berg and S. Weirich},
  title		= {Combining proofs and programs in a dependently typed
		  language},
  booktitle	= {POPL},
  year		= {2014}
}
